@book{davidson2021,
title = {Stochastic Limit Theory: An Introduction for Econometricians},
author = {Davidson, James},
url = {https://global.oup.com/academic/product/stochastic-limit-theory-9780192844507},
year = {2021},
publisher = {Oxford University Press}
}

@article{hahn1977,
title = {Conditions for Sample-Continuity and the Central Limit Theorem},
author = {Hahn, Marjorie G.},
volume = {5},
journal = {The Annals of Probability},
pages = {351 -- 360},
year = {1977},
doi = {10.1214/aop/1176995796}
}

@book{HansenEconometricsBook,
  title={Econometrics},
  author={Hansen, B.E.},
  url={https://www.ssc.wisc.edu/~bhansen/econometrics/},
  year={2002},
  publisher={University of Wisconsin, Department of Economics}
}
